


@inbook{Ritesh,
	author={Ritesh Ahuja and Nikos Armenatzoglou and Dimitris Papadias and George J. Fakas},
	year={2015},
	title={Geo-Social Keyword Search},
	series={Advances in Spatial and Temporal Databases},
	publisher={Springer},
	pages={431-450}
}

@article{Nikos,
	author={Nikos Armenatzoglou and Ritesh Ahuja and Dimitris Papadias},
	year={2015},
	title={Geo-Social Ranking: functions and query processing},
	journal={The VLDB Journalâ€”The International Journal on Very Large Data Bases},
	volume={24},
	number={6},
	pages={783-799}
}

@inproceedings{Huang,
	author={Qian Huang and Yu Liu},
	year={2009},
	title={On geo-social network services},
	booktitle={Geoinformatics, 2009 17th International Conference on},
	publisher={Ieee},
	pages={1-6}
}

@inproceedings{Liu,
	author={Weimo Liu and Weiwei Sun and Chunan Chen and Yan Huang and Yinan Jing and Kunjie Chen},
	year={2012},
	title={Circle of friend query in geo-social networks},
	booktitle={Database Systems for Advanced Applications},
	publisher={Springer},
	pages={126-137}
}

@inproceedings{Yang,
	author={De-Nian Yang and Chih-Ya Shen and Wang-Chien Lee and Ming-Syan Chen},
	year={2012},
	title={On socio-spatial group query for location-based social networks},
	booktitle={Proceedings of the 18th ACM SIGKDD international conference on Knowledge discovery and data mining},
	publisher={ACM},
	pages={949-957}
}
