@book{restful,
  title={RESTful web services},
  author={Richardson, Leonard and Ruby, Sam},
  year={2008},
  publisher={" O'Reilly Media, Inc."}
}

@misc{4qrmongo,
  title = {MongoDB: Foursquare},
  howpublished = {\url{https://www.mongodb.com/customers/foursquare}},
  note = {Accessed: 2016-05-10}
}

@misc{Factual,
  title = {Factual},
  howpublished = {\url{https://www.factual.com/}},
  note = {Accessed: 2016-05-10}
}

@misc{arcgis,
  title = {ArcGIS API Guide},
  howpublished = {\url{https://developers.arcgis.com/javascript/latest/guide/index.html}},
  note = {Accessed: 2016-05-10}
}

@article{amir2007buddy,
  title={Buddy trackingâ€”efficient proximity detection among mobile friends},
  author={Amir, Arnon and Efrat, Alon and Myllymaki, Jussi and Palaniappan, Lingeshwaran and Wampler, Kevin},
  journal={Pervasive and Mobile Computing},
  volume={3},
  number={5},
  pages={489--511},
  year={2007},
  publisher={Elsevier}
}

@article{yiu2010efficient,
  title={Efficient proximity detection among mobile users via self-tuning policies},
  author={Yiu, Man Lung and {\v{S}}altenis, Simonas and Tzoumas, Kostas and others},
  journal={Proceedings of the VLDB Endowment},
  volume={3},
  number={1-2},
  pages={985--996},
  year={2010},
  publisher={VLDB Endowment}
}

@inproceedings{khoshgozaran2009private,
  title={Private buddy search: Enabling private spatial queries in social networks},
  author={Khoshgozaran, Ali and Shahabi, Cyrus},
  booktitle={Computational Science and Engineering, 2009. CSE'09. International Conference on},
  volume={4},
  pages={166--173},
  year={2009},
  organization={IEEE}
}

@inproceedings{scellato2010distance,
  title={Distance Matters: Geo-social Metrics for Online Social Networks.},
  author={Scellato, Salvatore and Mascolo, Cecilia and Musolesi, Mirco and Latora, Vito},
  booktitle={WOSN},
  year={2010}
}

@article{armenatzoglou2013general,
  title={A general framework for geo-social query processing},
  author={Armenatzoglou, Nikos and Papadopoulos, Stavros and Papadias, Dimitris},
  journal={Proceedings of the VLDB Endowment},
  volume={6},
  number={10},
  pages={913--924},
  year={2013},
  publisher={VLDB Endowment}
}

@article{memcached,
  title={Distributed caching with memcached},
  author={Fitzpatrick, Brad},
  journal={Linux journal},
  volume={2004},
  number={124},
  pages={5},
  year={2004},
  publisher={Belltown Media}
}

@inproceedings{doytsher2012managing,
  title={Managing socio-spatial data as large graphs},
  author={Doytsher, Yerach and Galon, Ben and Kanza, Yaron},
  booktitle={21st International World Wide Web Conference},
  year={2012}
}

@article{developers2012neo4j,
  title={Neo4J},
  author={Developers, Neo4J},
  journal={Graph NoSQL Database [online]},
  year={2012}
}

@inproceedings{doytsher2010querying,
  title={Querying geo-social data by bridging spatial networks and social networks},
  author={Doytsher, Yerach and Galon, Ben and Kanza, Yaron},
  booktitle={Proceedings of the 2nd ACM SIGSPATIAL International Workshop on Location Based Social Networks},
  pages={39--46},
  year={2010},
  organization={ACM}
}

@inproceedings{bao2012geofeed,
  title={Geofeed: A location aware news feed system},
  author={Bao, Jie and Mokbe, Mohamed F and Chow, Chi-Yin},
  booktitle={Data Engineering (ICDE), 2012 IEEE 28th International Conference on},
  pages={54--65},
  year={2012},
  organization={IEEE}
}